@article{ampudia2021effectiveness,
  title={On the effectiveness of macroprudential policy},
  author={Ampudia, Miguel and Lo Duca, Marco and Farkas, M{\'a}ty{\'a}s and Perez-Quiros, Gabriel and R{\"u}nstler, Gerhard and Tereanu, Eugen},
  year={2021},
  publisher={ECB Working Paper}
}