@article{martine2015pnad,
  title={A PNAD: notas para uma avalia{\c{c}}{\~a}o},
  author={Martine, George and Camarano, Ana Am{\'e}lia and Fletcher, Philip R and Neupert, Ricardo},
  journal={Livros},
  pages={281--310},
  year={2015}
}

