%-------------------------------------------------------------------
% No latex, as referencias sao colocadas da forma como abaixo. 
% A maneira que essas são convertidas em PDF depende somente
% do pacote e estilo usado para tal. Por padrão, usamos o pacote
% abntex2cite, com o estilo [alf], mas que fique claro que existem 
% outros estilos suportados pelo latex dentro das normas ABNT
%-------------------------------------------------------------------

%-------------------------------------------------------------------
% Uma dica, para agilizar o processo de preenchimento é procurar o
% livro; artigo; ou etc, no google scholar. Provavelmente já haverá
% um padrão de citação para TeX, e então é só copiar e colar.
%-------------------------------------------------------------------

%-------------------------------------------------------------------
% Exemplo de livro na citação
%-------------------------------------------------------------------

@book{osbourne2009ozzy,
	title={I am Ozzy},
	author={Osbourne, Ozzy},
	year={2009},
	publisher={Hachette UK}
}

@book{hobsbawm1995era,
  title={Era dos extremos: o breve s{\'e}culo XX},
  author={Hobsbawm, Eric},
  year={1995},
  publisher={Editora Companhia das Letras}
}

%-------------------------------------------------------------------
% exemplo de um artigo na citação
%-------------------------------------------------------------------

@article{battista2000reduction,
	title={Reduction of vortex-induced oscillations of Rio--Niter{\'o}i bridge by dynamic control devices},
	author={Battista, Ronaldo C and Pfeil, Mich{\`e}le S},
	journal={Journal of Wind Engineering and Industrial Aerodynamics},
	volume={84},
	number={3},
	pages={273--288},
	year={2000},
	publisher={Elsevier}
}

@article{abntexmanual,
	title={Manual de uso do pacote abntex2cite: t{\'o}picos espec{\'i}ficos da ABNT NBR 10520: 2002 e o estilo bibliogr{\'a}fico alfab{\'e}tico (sistema autor-data.[Sl], 2012},
	author={ABNTEX, E},
	journal={Dispon{\'i}vel e m:< http://code. google. com/p/abntex2}
}

@article{abntex2modelo,
	title={Modelo Can{\^o}nico de Trabalhos Acad{\^e}micos com abnTeX2.[Sl], 2012},
	author={ABNTEX, E},
	journal={http://code. google. com/p/abntex2/>. Citado},
	volume={2},
	pages={2}
}

@article{shapiro1997real,
  title={How Real Is the Reality in Documentary Film? Jill Godmilow, in conversation with Ann-Louise Shapiro},
  author={Shapiro, Ann-Louise},
  journal={History and Theory},
  volume={36},
  number={4},
  pages={80--101},
  year={1997},
  publisher={Wiley Online Library}
}