%%%%%%%%%%%%%%%%%%%%%%%%%%%%%%%%%%%%%%%%%%%%%%%%%%%%%%%%%%%%
%                 EXEMPLO DE BIBLIOGRAFIA                  %
%%%%%%%%%%%%%%%%%%%%%%%%%%%%%%%%%%%%%%%%%%%%%%%%%%%%%%%%%%%%

@article{gustavo,
    author={Gustavo de Oliveira Vital},
    title={{Exemplo de um Documento em LaTeX para a Faculdade de Economia-UFF}},
    year={2019},
    publisher={Universidade Federal Fluminense}
}

@book{frisch2009problems,
  title={Problems and methods of econometrics: the Poincar{\'e} lectures of Ragnar Frisch 1933},
  author={Frisch, Ragnar},
  year={2009},
  publisher={Routledge}
}


@book{hobsbawm1995era,
  title={Era dos extremos: o breve s{\'e}culo XX},
  author={Hobsbawm, Eric},
  year={1995},
  publisher={Editora Companhia das Letras}
}
